@misc{TUL09,
  title = {Poisson Disk Sampling},
  author = {Herman Tulleken},
  howpublished = {\url{http://devmag.org.za/2009/05/03/poisson-disk-sampling/}},
  year = 2009
}